%%%%%%%%%%%%%%%%%%%%%%%%%%%%%%%%%%%%%%%%%%%%%%%%%%%%%%%%%%%%%%%%%%
%%  ~ Trabajo de Fin de Grado - Universidad de Vigo (ESEI) ~    %%
%% Autor: Diego Enrique Fontán Lorenzo                          %%
%% Tutor: Miguel Ramón Díaz-Cacho Medina                        %%
%% Convocatoria: Julio 2020/21                                  %%
%% Título: Framework de automatización de auditorías Red Team   %%
%%%%%%%%%%%%%%%%%%%%%%%%%%%%%%%%%%%%%%%%%%%%%%%%%%%%%%%%%%%%%%%%%%

%%%%%%%%%%%%%%%%%%%%%%%%%%%%%
%% References
%%%%%%%%%%%%%%%%%%%%%%%%%%%%%

@online{shodantrends,
	author = {given=C., family=Cimpanu},
	date = {2020-03-30},
	language = {english},
	title = {RDP and VPN use skyrocketed since coronavirus onset},
	url = {https://www.zdnet.com/article/rdp-and-vpn-use-skyrocketed-since-coronavirus-onset/},
}

@online{reedsmithcovidfraud,
	language = {english},
	title = {Coronavirus is now possibly the largest-ever security threat - here's how we may be able to tackle it | Perspectives | Reed Smith LLP},
	url = {https://www.reedsmith.com/en/perspectives/2020/03/coronavirus-is-now-possibly-the-largest-ever-security-threat},
}

@online{googlecovidfraud,
	author = {given=B.J., family=Tidy},
	date = {2020-04-17},
	language = {british},
	title = {Google blocking 18m coronavirus scam emails every day},
	url = {https://www.bbc.com/news/technology-52319093},
}

@online{cibersecuritybudget,
	author = {given=L., family=Columbus},
	date = {2020-08-10},
	language = {english},
	title = {Cybersecurity Spending To Reach \$123B In 2020},
	url = {https://www.forbes.com/sites/louiscolumbus/2020/08/09/cybersecurity-spending-to-reach-123b-in-2020/},
}

@online{cybersecurityspecialist,
	author = {given=C.},
	date = {2020-08-05},
	language = {american},
	title = {Cybersecurity Talent Crunch To Create 3.5 Million Unfilled Jobs Globally By 2021},
	url = {https://cybersecurityventures.com/jobs/},
}

@online{gomod,
    author = {given=Unknown},
	language = {english},
	title = {Go Modules Reference - The Go Programming Language},
	url = {https://golang.org/ref/mod},
}

@online{mitre,
	language = {spanish},
	title = {¿Qué es ATT\&CK de MITRE y cuál es su utilidad?},
	url = {https://www.anomali.com/es/resources/what-mitre-attck-is-and-how-it-is-useful},
}

@online{owaspwstg,
	author = {{OWASP}"},
	language = {english},
	title = {OWASP Web Security Testing Guide},
	url = {https://owasp.org/www-project-web-security-testing-guide/},
}

@online{LO1995,
	author = {{Jefatura de Estado}"},
	date = {1995-11-24},
	language = {spanish},
	title = {Ley Orgánica 10/1995, de 23 de noviembre, del Código Penal},
	url = {https://www.boe.es/buscar/pdf/1995/BOE-A-1995-25444-consolidado.pdf},
}

@online{LO2010,
	author = {{Jefatura de Estado}"},
	date = {2010-06-23},
	language = {spanish},
	title = {Ley Orgánica 5/2010, de 22 de junio, por la que se modifica la Ley Orgánica 10/1995, de 23 de noviembre, del Código Penal},
	url = {https://www.boe.es/buscar/pdf/2010/BOE-A-2010-9953-consolidado.pdf},
}

@online{wikiKanban,
	author = {{Colaboradores de Wikipedia}"},
	date = {2021-06-06},
	language = {spanish},
	title = {Kanban},
	url = {https://es.wikipedia.org/wiki/Kanban},
}

@online{pipelineArch,
	author = {{San José State University}"},
	language = {english},
	title = {Pipeline Architecture},
	url = {http://www.cs.sjsu.edu/~pearce/modules/patterns/distArch/pipeline.htm},
}

@online{wikiSOA,
	author = {{Colaboradores de Wikipedia}"},
	date = {2021-06-22},
	language = {spanish},
	title = {Arquitectura orientada a servicios},
	url = {https://es.wikipedia.org/wiki/Arquitectura_orientada_a_servicios},
}

@online{wikiBlackboard,
	author = {{Wikipedia contributors}"},
	date = {2021-05-22},
	language = {english},
	title = {Blackboard system},
	url = {https://en.wikipedia.org/wiki/Blackboard_system},
}